@Book{bgw-2003,
    Author = {Alexandre V. {Borovik} and I. M. {Gelfand} and Neil {White}},
    Title = {{Coxeter matroids. With illustrations by Anna Borovik.}},
    ISBN = {0-8176-3764-8/hbk},
    Pages = {xii + 264},
    Year = {2003},
    Publisher = {Boston, MA: Birkh\"auser},
    Language = {English},
    MSC2010 = {52B40 05B35 05E15 20E42 20F55 51F15},
    Zbl = {1050.52005}
}

@Article{abd-2010,
    Author = {Federico {Ardila} and Carolina {Benedetti} and Jeffrey {Doker}},
    Title = {{Matroid polytopes and their volumes.}},
    FJournal = {{Discrete \& Computational Geometry}},
    Journal = {{Discrete Comput. Geom.}},
    ISSN = {0179-5376; 1432-0444/e},
    Volume = {43},
    Number = {4},
    Pages = {841--854},
    Year = {2010},
    Publisher = {Springer US, New York, NY},
    Language = {English},
    DOI = {10.1007/s00454-009-9232-9},
    MSC2010 = {52B40},
    Zbl = {1204.52016}
}

@Book{l-2003,
    Author = {L. {Lafforgue}},
    Title = {{Chirurgie des grassmanniennes.}},
    ISBN = {0-8218-3358-8/pbk},
    Pages = {xx + 170},
    Year = {2003},
    Publisher = {Providence, RI: American Mathematical Society (AMS)},
    Language = {English},
    MSC2010 = {14M15 14-02 57R65 14D20},
    Zbl = {1026.14015}
}

@Article{speyer-2008,
    Author = {David E. {Speyer}},
    Title = {{Tropical linear spaces.}},
    FJournal = {{SIAM Journal on Discrete Mathematics}},
    Journal = {{SIAM J. Discrete Math.}},
    ISSN = {0895-4801; 1095-7146/e},
    Volume = {22},
    Number = {4},
    Pages = {1527--1558},
    Year = {2008},
    Publisher = {Society for Industrial and Applied Mathematics (SIAM), Philadelphia, PA},
    Language = {English},
    DOI = {10.1137/080716219},
    MSC2010 = {14T05 52B40},
    Zbl = {1191.14076}
}

@Article{bremner-2012,
    Author = {Yoshitake {Matsumoto} and Sonoko {Moriyama} and Hiroshi {Imai} and David {Bremner}},
    Title = {{Matroid enumeration for incidence geometry.}},
    FJournal = {{Discrete \& Computational Geometry}},
    Journal = {{Discrete Comput. Geom.}},
    ISSN = {0179-5376; 1432-0444/e},
    Volume = {47},
    Number = {1},
    Pages = {17--43},
    Year = {2012},
    Publisher = {Springer US, New York, NY},
    Language = {English},
    DOI = {10.1007/s00454-011-9388-y},
    MSC2010 = {05B35 52C40},
    Zbl = {1236.05055}
}

@InCollection{DMV:polymake,
  Title                    = {\texttt{polymake}: a framework for analyzing convex polytopes},
  Author                   = {Gawrilow, Ewgenij and Joswig, Michael},
  Booktitle                = {Polytopes---combinatorics and computation (Oberwolfach, 1997)},
  Publisher                = {Birkh\"auser},
  Year                     = {2000},

  Address                  = {Basel},
  Pages                    = {43--73},
  Series                   = {DMV Sem.},
  Volume                   = {29},

  Mrclass                  = {52B55 (68U05)},
  Mrnumber                 = {1785292 (2001f:52033)}
}

@Article{loera09,
    Author = {Jes\'us A. {De Loera} and David C. {Haws} and Matthias {K\"oppe}},
    Title = {{Ehrhart polynomials of matroid polytopes and polymatroids.}},
    FJournal = {{Discrete \& Computational Geometry}},
    Journal = {{Discrete Comput. Geom.}},
    ISSN = {0179-5376; 1432-0444/e},
    Volume = {42},
    Number = {4},
    Pages = {670--702, erratum 703--704},
    Year = {2009},
    Publisher = {Springer US, New York, NY},
    Language = {English},
    DOI = {10.1007/s00454-008-9080-z},
    MSC2010 = {52B40 52B20 52B55},
    Zbl = {1207.52015}
}

@PhdThesis{schroeter-2018,
  author = 	 {Benjamin Schroeter},
  title = 	 {Matroidal subdivisions, Dressians and tropical Grassmannians},
  school = 	 {TU Berlin},
  year = 	 2018}


@Book{grove-benson-85,
    Author = {L. C. {Grove} and C. T. {Benson}},
    Title = {{Finite reflection groups. 2nd ed.}},
    FJournal = {{Graduate Texts in Mathematics}},
    Journal = {{Grad. Texts Math.}},
    ISSN = {0072-5285},
    Volume = {99},
    Year = {1985},
    Publisher = {Springer, New York},
    Language = {English},
    MSC2010 = {20H15 51F15 20F05 20-01},
    Zbl = {0579.20045}
}
@Book{om,
    Author = {Anders {Bj\"orner} and Michel {Las Vergnas} and Bernd {Sturmfels} and Neil {White} and G\"unter {Ziegler}},
    Title = {{Oriented matroids. 2nd ed.}},
    Edition = {2nd ed.},
    ISBN = {0-521-77750-X/pbk},
    Pages = {xii + 548},
    Year = {1999},
    Publisher = {Cambridge: Cambridge University Press},
    Language = {English},
    DOI = {10.1017/CBO9780511586507},
    MSC2010 = {52B40 52-02 05B35 05-02 90C05 52C40 68U05},
    Zbl = {0944.52006}
}
@Book{knuth1989,
    Author = {Donald E. {Knuth} and Tracy {Larrabee} and Paul M. {Roberts}},
    Title = {{Mathematical writing. 2nd print.}},
    Edition = {2nd print},
    ISBN = {0-88385-063-X},
    Pages = {115},
    Year = {1989},
    Publisher = {Washington: Mathematical Association of America},
    Language = {English},
    MSC2010 = {00A99 00A35},
    Zbl = {0715.00006}
}