@Article{bs-1992,
    Author = {Louis J. {Billera} and Bernd {Sturmfels}},
    Title = {{Fiber polytopes.}},
    FJournal = {{Annals of Mathematics. Second Series}},
    Journal = {{Ann. Math. (2)}},
    ISSN = {0003-486X; 1939-8980/e},
    Volume = {135},
    Number = {3},
    Pages = {527--549},
    Year = {1992},
    Publisher = {Princeton University, Mathematics Department, Princeton, NJ; Mathematical Sciences Publishers (MSP), Berkeley, CA},
    Language = {English},
    MSC2010 = {52B11},
    Zbl = {0762.52003}
}