@Book{richter-2011,
    Author = {J\"urgen {Richter-Gebert}},
    Title = {{Perspectives on projective geometry. A guided tour through real and complex geometry.}},
    ISBN = {978-3-642-17285-4/hbk; 978-3-642-17286-1/ebook},
    Pages = {xxii + 571},
    Year = {2011},
    Publisher = {Berlin: Springer},
    Language = {English},
    MSC2010 = {51A05 51A25 51M05 51M10 51-01 51N15 14N15},
    Zbl = {1214.51001}
}

@Article{bokowski-richter-sturmfels-1990,
    Author = {J\"urgen {Bokowski} and J\"urgen {Richter} and Bernd {Sturmfels}},
    Title = {{Nonrealizability proofs in computational geometry.}},
    FJournal = {{Discrete \& Computational Geometry}},
    Journal = {{Discrete Comput. Geom.}},
    ISSN = {0179-5376; 1432-0444/e},
    Volume = {5},
    Number = {4},
    Pages = {333--350},
    Year = {1990},
    Publisher = {Springer US, New York, NY},
    Language = {English},
    MSC2010 = {05B35 51D20},
    Zbl = {0699.05018}
}

@Article{bokowski-richter-1990,
    Author = {J\"urgen {Bokowski} and J\"urgen {Richter}},
    Title = {{On the finding of final polynomials.}},
    FJournal = {{European Journal of Combinatorics}},
    Journal = {{Eur. J. Comb.}},
    ISSN = {0195-6698},
    Volume = {11},
    Number = {1},
    Pages = {21--34},
    Year = {1990},
    Publisher = {Elsevier (Academic Press), London},
    Language = {English},
    MSC2010 = {05B35},
    Zbl = {0693.05021}
}

@Article{gelfand-goresky-mcpherson-serganova-1987,
    Author = {I. M. {Gel'fand} and R. Mark {Goresky} and Robert D. {MacPherson} and V. V. {Serganova}},
    Title = {{Combinatorial geometries, convex polyhedra, and Schubert cells.}},
    FJournal = {{Advances in Mathematics}},
    Journal = {{Adv. Math.}},
    ISSN = {0001-8708},
    Volume = {63},
    Pages = {301--316},
    Year = {1987},
    Publisher = {Elsevier (Academic Press), San Diego, CA},
    Language = {English},
    MSC2010 = {57N80 57S20 57T15 32Q99},
    Zbl = {0622.57014}
}

@Book{om2,
    Author = {Anders {Bj\"orner} and Michel {Las Vergnas} and Bernd {Sturmfels} and Neil {White} and G\"unter {Ziegler}},
    Title = {{Oriented matroids. 2nd ed.}},
    FJournal = {{Encyclopedia of Mathematics and Its Applications}},
    Journal = {{Encycl. Math. Appl.}},
    ISSN = {0953-4806},
    Volume = {46},
    Edition = {2nd ed.},
    ISBN = {0-521-77750-X/pbk},
    Pages = {xii + 548},
    Year = {1999},
    Publisher = {Cambridge: Cambridge University Press},
    Language = {English},
    MSC2010 = {52B40 52-02 05B35 05-02 90C05 52C40 68U05},
    Zbl = {0944.52006}
}

@Unpublished{firsching-2018,
  author = 	 {Moritz Firsching},
  title = 	 {The complete enumeration of 4-polytopes and 3-spheres with nine vertices},
  note = 	 {\url{https://arxiv.org/abs/1803.05205}},
  OPTkey = 	 {},
  OPTmonth = 	 {},
  OPTyear = 	 {2018},
  OPTannote = 	 {}
}

